@article{GS_1999,
  title={Dark matter annihilation at the galactic center},
  author={Gondolo, Paolo and Silk, Joseph},
  journal={Physical Review Letters},
  volume={83},
  number={9},
  pages={1719},
  year={1999},
  publisher={APS}
}

@article{2015_Arina_Silk,
  title={Monochromatic neutrino lines from sneutrino dark matter},
  author={Arina, Chiara and Kulkarni, Suchita and Silk, Joseph},
  journal={Physical Review D},
  volume={92},
  number={8},
  pages={083519},
  year={2015},
  publisher={APS}
}

@article{bergstrom2012dark_review_indirect_direct,
  title={Dark matter evidence, particle physics candidates and detection methods},
  author={Bergstr{\"o}m, Lars},
  journal={Annalen der Physik},
  volume={524},
  number={9-10},
  pages={479--496},
  year={2012},
  publisher={Wiley Online Library}
}

@inproceedings{schnittman2015,
  title={The Distribution and Annihilation of Dark Matter Around Black Holes},
  author={Schnittman, Jeremy},
  booktitle={APS Meeting Abstracts},
  volume={1},
  pages={14007},
  year={2015}
}

@article{ullio2001spike_criticism,
  title={Dark-matter spike at the galactic center?},
  author={Ullio, Piero and Zhao, HongSheng and Kamionkowski, Marc},
  journal={Physical Review D},
  volume={64},
  number={4},
  pages={043504},
  year={2001},
  publisher={APS}
}

@article{merritt2002merger_criticism,
  title={Dark matter spikes and annihilation radiation from the galactic center},
  author={Merritt, David and Milosavljevi{\'c}, Milos and Verde, Licia and Jimenez, Raul},
  journal={Physical Review Letters},
  volume={88},
  number={19},
  pages={191301},
  year={2002},
  publisher={APS}
}

@article{bertone2005,
  title={Time-dependent models for dark matter at the galactic center},
  author={Bertone, Gianfranco and Merritt, David},
  journal={Physical Review D},
  volume={72},
  number={10},
  pages={103502},
  year={2005},
  publisher={APS}
}


@article{merritt2006dynamics,
  title={Dynamics of galaxy cores and supermassive black holes},
  author={Merritt, David},
  journal={Reports on Progress in Physics},
  volume={69},
  number={9},
  pages={2513},
  year={2006},
  publisher={IOP Publishing}
}

@article{BSW,
  title={Kerr black holes as particle accelerators to arbitrarily high energy},
  author={Banados, Maximo and Silk, Joseph and West, Stephen M},
  journal={Physical review letters},
  volume={103},
  number={11},
  pages={111102},
  year={2009},
  publisher={APS}
}

@article{gondolo2000dmsearch,
  title={Either neutralino dark matter or cuspy dark halos},
  author={Gondolo, Paolo},
  journal={Physics Letters B},
  volume={494},
  number={3},
  pages={181--186},
  year={2000},
  publisher={Elsevier}
}



@inproceedings{bertone2001dmsearch,
  title={Annihilations from the Galactic Centre},
  author={Bertone, Gianfranco and Silk, J and Sigl, G},
  booktitle={Identification of Dark Matter},
  volume={1},
  pages={311},
  year={2001},
  organization={World Scientific}
}

@article{gnedin_primack_2004,
  title={Dark matter profile in the galactic center},
  author={Gnedin, Oleg Y and Primack, Joel R},
  journal={Physical review letters},
  volume={93},
  number={6},
  pages={061302},
  year={2004},
  publisher={APS}
}

@article{Sadeghian_Ferrer_Will_2013,
  title={Dark-matter distributions around massive black holes: A general relativistic analysis},
  author={Sadeghian, Laleh and Ferrer, Francesc and Will, Clifford M},
  journal={Physical Review D},
  volume={88},
  number={6},
  pages={063522},
  year={2013},
  publisher={APS}
}

@article{fields2014galactic,
  title={Galactic center gamma-ray excess from dark matter annihilation: is there a black hole spike?},
  author={Fields, Brian D and Shapiro, Stuart L and Shelton, Jessie},
  journal={Physical review letters},
  volume={113},
  number={15},
  pages={151302},
  year={2014},
  publisher={APS}
}

@article{gyoto_vincent_2011,
  title={GYOTO: a new general relativistic ray-tracing code},
  author={Vincent, Frederic H and Paumard, Thibaut and Gourgoulhon, Eric and Perrin, Guy},
  journal={Classical and Quantum Gravity},
  volume={28},
  number={22},
  pages={225011},
  year={2011},
  publisher={IOP Publishing}
}

@article{dm_halo_maxwellian,
  title={Halo-to-Halo similarity and scatter in the velocity distribution of dark matter},
  author={Mao, Yao-Yuan and Strigari, Louis E and Wechsler, Risa H and Wu, Hao-Yi and Hahn, Oliver},
  journal={The Astrophysical Journal},
  volume={764},
  number={1},
  pages={35},
  year={2013},
  publisher={IOP Publishing}
}

@article{kuhlen2012numerical,
  title={Numerical simulations of the dark universe: State of the art and the next decade},
  author={Kuhlen, Michael and Vogelsberger, Mark and Angulo, Raul},
  journal={Physics of the Dark Universe},
  volume={1},
  number={1},
  pages={50--93},
  year={2012},
  publisher={Elsevier}
}


@article{boltzmann_dm_annihilation,
  title={The Einstein-Vlasov system/kinetic theory},
  author={Andr{\'e}asson, H{\aa}kan},
  journal={Living Rev. Relativity},
  volume={8},
  number={2},
  year={2005}
}